<record><leader>00000cas a2200000 a 4500</leader><controlfield tag="001">11149535</controlfield><controlfield tag="008">840913d19uu1920ksuwr ne      0   a0cze d</controlfield><controlfield tag="009">3789</controlfield><datafield ind1=" " ind2=" " tag="010"><subfield code="a">sn 84029748 </subfield></datafield><datafield ind1=" " ind2=" " tag="040"><subfield code="a">KSH</subfield><subfield code="b">eng</subfield><subfield code="c">KSH</subfield><subfield code="d">NPT</subfield><subfield code="d">NVG</subfield><subfield code="d">OCL</subfield></datafield><datafield ind1=" " ind2=" " tag="042"><subfield code="a">msc</subfield></datafield><datafield ind1=" " ind2=" " tag="043"><subfield code="a">n-us-ks</subfield></datafield><datafield ind1="0" ind2="0" tag="245"><subfield code="a">Kansasky&#769; pokrok.</subfield></datafield><datafield ind1=" " ind2=" " tag="260"><subfield code="a">Wilson, Kan. ;</subfield><subfield code="a">Omaha, Neb. :</subfield><subfield code="b">Pokrok Pub. Co.,</subfield></datafield><datafield ind1=" " ind2=" " tag="300"><subfield code="a">v. :</subfield><subfield code="b">ill. ;</subfield><subfield code="c">54 cm.</subfield></datafield><datafield ind1=" " ind2=" " tag="310"><subfield code="a">Weekly</subfield></datafield><datafield ind1="0" ind2=" " tag="362"><subfield code="a">Roc&#780;. 1, c&#780;is. 1 (1. u&#769;n. 1905)-</subfield></datafield><datafield ind1="1" ind2=" " tag="362"><subfield code="a">Ceased in 1920.</subfield></datafield><datafield ind1=" " ind2=" " tag="546"><subfield code="a">In Czech.</subfield></datafield><datafield ind1=" " ind2=" " tag="580"><subfield code="a">Local ed. of: Pokrok za&#769;padu.</subfield></datafield><datafield ind1=" " ind2=" " tag="752"><subfield code="a">United States</subfield><subfield code="b">Kansas</subfield><subfield code="c">Ellsworth</subfield><subfield code="d">Wilson.</subfield></datafield><datafield ind1="1" ind2=" " tag="775"><subfield code="t">Pokrok za&#769;padu</subfield><subfield code="w">(DLC)sn 83045348</subfield></datafield><datafield ind1="0" ind2="4" tag="785"><subfield code="t">Hlasatel</subfield><subfield code="x">0744-656X</subfield><subfield code="w">(DLC)sn 82002636</subfield></datafield></record>